@book{book_key,
	address = {City},
	publisher = {Publisher},
	author = {Smith, John},
	title = {Book title},
	year = {2012},
	volume = {3},
	series = {2},
	edition = {1},
	pages = {123--200},
	month = {January}
}

@article{article_key,
	address = {City},
	publisher = {Publisher},
	author = {Smith, James},
	title = {Article title},
	year = {2013},
	volume = {14},
	number = {6},
	pages = {1--8},
	month = {March}
}

@online{peatio,
	author = "Peatio Team",
	title = "Peatio, an Open-Source Assets Exchange.",
    url  = "https://www.peatio.com",
    addendum = "(accessed: 01.09.2016)",
    keywords = "peatio,cryptocurrency,exchange"	
}

@online{ark,
	author = "ARK Crew",
	title = "A Platform for Consumer Adoption",
    url  = "https://www.ark.io",
    addendum = "(accessed: 01.04.2017)",
    keywords = "ark,cryptocurrency,dpos"	
}

@online{aces,
	author = "ACES Crew",
	title = "ARK Contract Execution Services: a blockchain interoperability platform for a new world.",
    url  = "https://arkaces.com/",
    addendum = "(accessed: 01.01.2018)",
    keywords = "ark,cryptocurrency,smartbridge"	
}

@online{aces,
	author = "Satoshi Nakamoto",
	title = "Bitcoin: A Peer-to-Peer Electronic Cash System",
    url  = "https://bitcoin.org",
    addendum = "(accessed: 01.01.2009)",
    keywords = "bitcoin,cryptocurrency,p2p"	
}

@petro{petro,
	author = "",
	title = "",
	url = "http://elpetro.gob.ve/",
	addendum = "",
	keywords = ""
}