
@online{peatio,
	author = "Peatio Team",
	title = "Peatio, an Open-Source Assets Exchange.",
    url  = "https://www.peatio.com",
    addendum = "(accessed: 01.09.2016)",
    keywords = "peatio,cryptocurrency,exchange"	
}

@online{ark,
	author = "ARK Crew",
	title = "A Platform for Consumer Adoption",
    url  = "https://www.ark.io",
    addendum = "(accessed: 01.04.2017)",
    keywords = "ark,cryptocurrency,dpos"	
}

@online{aces,
	author = "ACES Crew",
	title = "ARK Contract Execution Services: a blockchain interoperability platform for a new world.",
    url  = "https://arkaces.com/",
    addendum = "(accessed: 01.01.2018)",
    keywords = "ark,cryptocurrency,smartbridge"	
}

@online{bitcoin,
	author = "Satoshi Nakamoto",
	title = "Bitcoin: A Peer-to-Peer Electronic Cash System",
    url  = "https://bitcoin.org",
    addendum = "(accessed: 01.01.2009)",
    keywords = "bitcoin,cryptocurrency,p2p"	
}

@online{petro,
	author = "Government of Venezuela",
	title = "Petro (PTR) has its origin in the idea of president Hugo Chavez of a strong currency backed by raw materials",
	url = "http://elpetro.gob.ve/",
	addendum = "(started: 01.02.2018)",
	keywords = "petro,cryptocurrency,oil"
}

@online{cryptoMCTenYears,
	author = "CNBC News",
	title = "One stock analyst's \$ 10 trillion bull case for cryptocurrencies",
	url = "https://www.cnbc.com/2018/01/03/one-stock-analysts-10-trillion-bull-case-for-cryptocurrencies.html",
	addendum = "(started: 01.03.2018)",
	keywords = "market capitalization, cnbc"
}

@online{EUAMLCrypto,
	author = "EDCAB - European Digital Currency \& Blockchain Technology Forum",
	title = "European Union virtual currency legislation published",
	url = "http://edcab.eu/blog/european-union-virtual-currency-legislation-published",
	addendum = "(started: 05.07.2016)",
	keywords = "eu, europa, legislation"
}

@online{EUBOaF,
	author = "European Commission",
	title = "European Commission launches the EU Blockchain Observatory and Forum",
	url = "http://europa.eu/rapid/press-release_IP-18-521_en.pdf",
	addendum = "(started: 01.02.2018)",
	keywords = "eu, europa, legislation"
}

@online{SECICO,
	author = "U.S. Securities and Exchange Commission",
	title = "Statement on Cryptocurrencies and Initial Coin Offerings",
	url = "https://www.sec.gov/news/public-statement/statement-clayton-2017-12-11",
	addendum = "(started: 11.12.2017)",
	keywords = "usa, sec, legislation"
}

@online{4AMLD,
	author = "European Commission",
	title = "Directive (EU) 2015/849 of the European Parliament and of the Council of 20 May 2015",
	url = "https://eur-lex.europa.eu/legal-content/EN/TXT/?uri=celex%3A32015L0849",
	addendum = "(started: 20.05.2015)",
	keywords = "eu, europa, legislation"
}

@online{PSD,
	author = "European Commission",
	title = "Payment Services Directive: frequently asked questions",
	url = "http://europa.eu/rapid/press-release_MEMO-15-5793_en.htm",
	addendum = "(started: 12.01.2018)",
	keywords = "eu, europa, legislation"
}

@online{FATF,
	author = "Financial Action Task Force on Money Laundering",
	title = "Topic: FATF Recommendations",
	url = "http://www.fatf-gafi.org/publications/fatfrecommendations/?hf=10&b=0&s=desc(fatf_releasedate)",
	addendum = "(accessed: 12.01.2018)",
	keywords = "international, aml/kyc, legislation"
}

@online{bitcoinLegality,
	author = "Wikipedia",
	title = "Legality of bitcoin by country or territory",
	url = "https://en.wikipedia.org/wiki/Legality_of_bitcoin_by_country_or_territory",
	addendum = "(accessed: 12.01.2018)",
	keywords = "international, bitcoin, legality"
}

@online{austrianTheory,
	author = "Mises Institute",
	title = "Austrian economics, freedom and peace",
	url = "https://mises.org/",
	addendum = "(accessed: 12.01.2018)",
	keywords = "austrian economics, mises, freedom, peace"
}

@online{novograzPrediction,
	author = "Mike Novograz",
	title = "Cryptocurrency Market Cap to Reach \$2 Trillion in 2018: Mike Novogratz",
	url = "https://www.ccn.com/cryptocurrency-market-cap-to-reach-2-trillion-in-2018-mike-novogratz/",
	addendum = "(accessed: 11.28.2017)",
	keywords = "2018 prediction, bitcoin, price"
}

@online{coinmarketcapHistorical,
	author = "Coinmarketcap",
	title = "Coinmarketcap bitcoin historical price",
	url = "https://coinmarketcap.com/currencies/bitcoin/historical-data/",
	addendum = "(accessed: 05.01.2018)",
	keywords = "historical, bitcoin, price"
}

@online{cbinsights,
	author = "CBInsights",
	title = "Banking Is Only The Beginning: 36 Big Industries Blockchain Could Transform",
	url = "https://www.cbinsights.com/research/industries-disrupted-blockchain/",
	addendum = "(accessed: 02.01.2018)",
	keywords = "2018 prediction, bitcoin, price"
}

@online{wefTTP,
	author = "World Economic Forum",
	title = "Deep Shift Technology Tipping Points and Societal Impact",
	url = "http://www3.weforum.org/docs/WEF_GAC15_Technological_Tipping_Points_report_2015.pdf",
	addendum = "(accessed: 09.01.2015)",
	keywords = "world economic forum, bitcoin, deep shift"
}

@online{bitcoinMiningChina,
	author = "Jordan Tuwiner",
	title = "Bitcoin Mining China",
	url = "https://www.buybitcoinworldwide.com/mining/china/",
	addendum = "(accessed: 06.13.2017)",
	keywords = "mining, bitcoin, china"
}

@online{coinmarketcapAll,
	author = "Coinmarketcap",
	title = "All cryptocurrencies",
	url = "https://coinmarketcap.com/all/views/all/",
	addendum = "(accessed: 05.01.2018)",
	keywords = "all, altcoin, cap"
}

@online{cnbcBitcoinPriceSurge,
	author = "Arjun Kharpal",
	title = "Over \$60 billion wiped off value of cryptocurrencies as bitcoin drops below \$8,000 again",
	url = "https://www.cnbc.com/2018/02/05/bitcoin-price-drops-below-8000-over-60-billion-wiped-off-cryptocurrencies.html",
	addendum = "(accessed: 02.05.2018)",
	keywords = "cnbc, bitcoin, price, surge"
}

@online{laTimes,
	author = "L.A. Times",
	title = "Bitcoin dives after SEC says cryptocurrency platforms must be registered",
	url = "http://www.latimes.com/business/la-fi-bitcoin-sec-registration-20180307-story.html",
	addendum = "(accessed: 03.07.2018)",
	keywords = "sec, bitcoin, exchanges"
}

@online{ftBinanceHack,
	author = "Financial Times",
	title = "Crypto exchange Binance faced ‘large scale’ theft attempt",
	url = "https://www.ft.com/content/58a32050-22aa-11e8-add1-0e8958b189ea",
	addendum = "(accessed: 01.02.2018)",
	keywords = "binance, exchange, hacking"
}

@online{zeroHedge,
	author = "Tyler Durden",
	title = "Ethereum Forecast To Surpass Bitcoin By 2018",
	url = "https://www.zerohedge.com/news/2017-05-31/ethereum-forecast-surpass-bitcoin-2018",
	addendum = "(accessed: 05.31.2017)",
	keywords = "ethereum, bitcoin, forecast, flippening"
}

@online{flippening,
	author = "Flippening",
	title = "Flippening Watch",
	url = "https://www.flippening.watch/",
	addendum = "(accessed: 01.01.2017)",
	keywords = "ethereum, bitcoin, flippening"
}

@online{mythsDebunked,
	author = "Alice Truong",
	title = "Top 10 Bitcoin myths debunked",
	url = "https://www.coindesk.com/top-10-bitcoin-myths-debunked/",
	addendum = "(accessed: 06.04.2013)",
	keywords = "bitcoin, myths, debunked"
}

@online{ltcLimits,
	author = "xBTCe",
	title = "About Litecoin",
	url = "https://support.xbtce.info/Knowledgebase/Article/View/152/59/about-litecoin",
	addendum = "(accessed: 03.22.2018)",
	keywords = "litecoin, summary, limits"
}

@online{techCrunch,
	author = "TechCrunch",
	title = "Former Mozilla CEO raises \$35M in under 30 seconds for his browser startup Brave",
	url = "https://techcrunch.com/2017/06/01/brave-ico-35-million-30-seconds-brendan-eich/",
	addendum = "(accessed: 06.01.2017)",
	keywords = "mozilla, brave, browser"
}

@online{bancorProtocol,
	author = "Google",
	title = "Bancor Protocol",
	url = "https://www.google.com/search?ei=GFboWu2hDoHJsgHz25ygBQ&q=Bancor+Protocol+ico&oq=Bancor+Protocol+ico&gs_l=psy-ab.3..0.23654.23654.0.23902.1.1.0.0.0.0.80.80.1.1.0....0...1.1.64.psy-ab..0.1.80....0.ZWrLNUTNfg8",
	addendum = "(accessed: 05.02.2018)",
	keywords = "google, bancor protocol, research"
}

@online{coindeskICOAllTimeHigh,
	author = "Chuan Tian",
	title = "\$1.6 Billion: All-Time ICO Funding Climbs as Record \$500 Million Invested in July",
	url = "https://www.coindesk.com/1-6-billion-all-time-ico-funding-climbs-as-record-500-million-invested-in-july/",
	addendum = "(accessed: 08.04.2017)",
	keywords = "ico, funding, all time high"
}

@online{pitchbook,
	author = "PitchBook",
	title = "Venture Capital cryptocurrency industry",
	url = "http://my.pitchbook.com/?pbr=14763750",
	addendum = "(accessed: 05.01.2018)",
	keywords = "venture capital, funds, raised"
}

@online{techCrunchPrivateMoney,
	author = "Romain Dillet",
	title = "Germany Recognizes Bitcoin As “Private Money”, Sales Tax Coming Soon",
	url = "https://techcrunch.com/2013/08/19/germany-recognizes-bitcoin-as-private-money-sales-tax-coming-soon/",
	addendum = "(accessed: 08.19.2013)",
	keywords = "germany, bitcoin, private money"
}

@online{ibtimesPrivateMoney,
	author = "Alistar Charlton",
	title = "HMRC to Reclassify Bitcoin as Private Money",
	url = "https://www.ibtimes.co.uk/hmrc-re-classify-bitcoin-private-money-1432718",
	addendum = "(accessed: 01.17.2014)",
	keywords = "uk, bitcoin, private money"
}

@online{wiredNYLicense,
	author = "Robert McMillan",
	title = "New York’s New Bitcoin Rules Are Going to Kill Its Startups",
	url = "https://www.wired.com/2014/07/ny_bitcoin/",
	addendum = "(accessed: 07.17.2014)",
	keywords = "bitcoin, bitlicense, wired"
}

@online{fortune,
	author = "Bloomberg",
	title = "This Is How China Is Stifling Bitcoin and Cryptocurrencies",
	url = "http://fortune.com/2018/01/17/china-bitcoin-cryptocurrency-crackdown/",
	addendum = "(accessed: 01.17.2018)",
	keywords = "china, cryptocurrencies, stifling"
}

@online{bloombergSKBan,
	author = "Bloomberg Technology",
	title = "South Korea Seeks Measures to Curb Bitcoin Frenzy",
	url = "https://www.bloomberg.com/news/articles/2017-12-13/south-korea-seeks-measures-to-curb-frenzied-bitcoin-speculation",
	addendum = "(accessed: 12.13.2017)",
	keywords = "south korea, ban, cryptocurrencies"
}

@online{forbesBitcoinHacking,
	author = "Forbes",
	title = "Hackers Have Stolen Millions Of Dollars In Bitcoin -- Using Only Phone Numbers",
	url = "https://www.forbes.com/sites/laurashin/2016/12/20/hackers-have-stolen-millions-of-dollars-in-bitcoin-using-only-phone-numbers/#7ebd8cc438ba",
	addendum = "(accessed: 12.20.2016)",
	keywords = "hacking, bitcoin, hone"
}

@online{misesItalia,
	author = "Mises Italia",
	title = "Bitcoin: Moneta del futuro o cara vecchia bolla?",
	url = "http://vonmises.it/2013/05/31/bitcoin-moneta-del-futuro-o-una-cara-vecchia-bolla/",
	addendum = "(accessed: 05.31.2013)",
	keywords = "bitcoin, moneta, bolla"
}

